@book{moyses2,
    Author = {H.Moysés Nussenzveig},
    Title = {Curso de Física Básica: Fluidos, Oscilações e Ondas, Calor},
    Year = {2014},
    Editora = {Edgard Blucher Ltda},
    Volume = {2},
    Edition = {5° Ed},
    ISBN = {978-85-212-0747-4}
}

@book{moyses4,
    Author = {H.Moysés Nussenzveig},
    Title = {Curso de Física Básica: Ótica, Relatividade e Física Quântica},
    Year = {2010},
    Editora = {Edgard Blucher Ltda},
    Volume = {4},
    Edition = {1° Ed},
    ISBN = {978-85-212-0163-2}
}

@book{halliday2,
    Author = {David Halliday; Robert Resnick; Jean Walker},
    Title = {Fundamentos de Física: Gravitação, Ondas e Termodinâmica},
    Year = {2016},
    Editora = {LTC},
    Volume = {2},
    Edition = {10° Ed},
    ISBN = {978-85-216-3206-1}
}

@book{halliday4,
    Author = {David Halliday; Robert Resnick; Jean Walker},
    Title = {Fundamentos de Física: Óptica e Física Moderna},
    Year = {2016},
    Editora = {LTC},
    Volume = {4},
    Edition = {10° Ed},
    ISBN = {978-85-216-3210-8}
}
